<record><leader>00000cas a2200000 a 4500</leader><controlfield tag="001">13149722</controlfield><controlfield tag="008">860213d19851993aruer ne      0    0eng c</controlfield><datafield ind1=" " ind2=" " tag="010"><subfield code="a">sn 91014167 </subfield></datafield><datafield ind1=" " ind2=" " tag="040"><subfield code="a">AFU</subfield><subfield code="b">eng</subfield><subfield code="c">AFU</subfield><subfield code="d">OCL</subfield><subfield code="d">NST</subfield><subfield code="d">ANU</subfield><subfield code="d">OCLCQ</subfield><subfield code="d">OCLCF</subfield><subfield code="d">OCLCO</subfield><subfield code="d">OCLCA</subfield></datafield><datafield ind1=" " ind2=" " tag="012"><subfield code="i">9104</subfield></datafield><datafield ind1=" " ind2=" " tag="019"><subfield code="a">13180484</subfield></datafield><datafield ind1="1" ind2=" " tag="029"><subfield code="a">AU@</subfield><subfield code="b">000025896113</subfield></datafield><datafield ind1=" " ind2=" " tag="042"><subfield code="a">pcc</subfield></datafield><datafield ind1=" " ind2=" " tag="043"><subfield code="a">n-us-ar</subfield></datafield><datafield ind1="0" ind2=" " tag="130"><subfield code="a">Spectrum (Little Rock, Ark.)</subfield></datafield><datafield ind1="1" ind2="0" tag="245"><subfield code="a">Spectrum.</subfield></datafield><datafield ind1="1" ind2="7" tag="246"><subfield code="a">Spectrum weekly</subfield><subfield code="f">Oct. 10, 1990-Mar. 31, 1993</subfield></datafield><datafield ind1=" " ind2=" " tag="260"><subfield code="a">Little Rock, AR. :</subfield><subfield code="b">Spectrum Publications</subfield></datafield><datafield ind1=" " ind2=" " tag="300"><subfield code="a">v. :</subfield><subfield code="b">ill. ;</subfield><subfield code="c">36 cm.</subfield></datafield><datafield ind1=" " ind2=" " tag="310"><subfield code="a">Weekly,</subfield><subfield code="b">Oct. 10, 1990-Mar. 31, 1993</subfield></datafield><datafield ind1=" " ind2=" " tag="321"><subfield code="a">Biweekly,</subfield><subfield code="b">June 13-26, 1985-Sept. 26, 1990</subfield></datafield><datafield ind1="0" ind2=" " tag="362"><subfield code="a">No. 1 (June 13-26, 1985)-No. 261 (Mar. 31, 1993).</subfield></datafield><datafield ind1=" " ind2=" " tag="530"><subfield code="a">Available on microfilm from University Microfilms International.</subfield></datafield><datafield ind1=" " ind2="0" tag="650"><subfield code="a">Amusements</subfield><subfield code="z">Arkansas</subfield><subfield code="v">Newspapers.</subfield></datafield><datafield ind1=" " ind2="7" tag="655"><subfield code="a">Newspapers.</subfield><subfield code="2">fast</subfield><subfield code="0">(OCoLC)fst01423814</subfield></datafield><datafield ind1=" " ind2="7" tag="650"><subfield code="a">Amusements.</subfield><subfield code="2">fast</subfield><subfield code="0">(OCoLC)fst00808105</subfield></datafield><datafield ind1=" " ind2="7" tag="651"><subfield code="a">Arkansas.</subfield><subfield code="2">fast</subfield><subfield code="0">(OCoLC)fst01204809</subfield></datafield><datafield ind1=" " ind2=" " tag="752"><subfield code="a">United States</subfield><subfield code="b">Arkansas</subfield><subfield code="c">Pulaski</subfield><subfield code="d">Little Rock.</subfield></datafield><datafield ind1="1" ind2=" " tag="776"><subfield code="t">Spectrum (Little Rock, Ark.)</subfield><subfield code="w">(OCoLC)19495761</subfield></datafield><datafield ind1=" " ind2=" " tag="850"><subfield code="a">ArU</subfield></datafield></record>